<collection xmlns="http://www.loc.gov/MARC21/slim"><record><leader>00681nam  2200193   450</leader><controlfield tag="001">966</controlfield><controlfield tag="003">http://montalegre.opacnet.com/OPAC/default.aspx?ContentAreaControl=ShowRegHoldings.ascx&amp;RegNo=16662</controlfield><datafield tag="100" ind1=" " ind2=" "><subfield code="a">19940129d1972    m  y0pory010305  ba</subfield></datafield><datafield tag="101" ind1="1" ind2=" "><subfield code="a">por</subfield><subfield code="c">fre</subfield></datafield><datafield tag="102" ind1=" " ind2=" "><subfield code="a">PT</subfield></datafield><datafield tag="200" ind1="1" ind2=" "><subfield code="a">Bel-ami</subfield><subfield code="f">Henri René Albert Guy de Maupassant</subfield><subfield code="g">trad. Cesar Oldemiro</subfield></datafield><datafield tag="210" ind1=" " ind2=" "><subfield code="a">Lisboa</subfield><subfield code="c">Europa-América</subfield><subfield code="d">1972</subfield></datafield><datafield tag="215" ind1=" " ind2=" "><subfield code="a">212, 1 p.</subfield><subfield code="c">18 cm</subfield></datafield><datafield tag="225" ind1="2" ind2=" "><subfield code="a">Livros de bolso Europa-América</subfield><subfield code="v">22</subfield></datafield><datafield tag="675" ind1=" " ind2=" "><subfield code="a">840-31</subfield><subfield code="v">med</subfield><subfield code="z">por</subfield></datafield><datafield tag="700" ind1=" " ind2="1"><subfield code="a">Maupassant</subfield><subfield code="b">Guy de</subfield><subfield code="f">1850-1893</subfield></datafield><datafield tag="702" ind1=" " ind2="1"><subfield code="a">César</subfield><subfield code="b">Oldemiro</subfield><subfield code="f">1884-1953</subfield><subfield code="4">730</subfield></datafield><datafield tag="801" ind1=" " ind2="0"><subfield code="a">PT</subfield><subfield code="b">Biblioteca Municipal de Montalegre</subfield><subfield code="g">RPC</subfield></datafield><datafield tag="856" ind1=" " ind2=" "><subfield code="u">locateMedia.asp?cod=20060704100836&amp;ext=jpg</subfield><subfield code="z">CAPA</subfield></datafield><datafield tag="909" ind1="&#9;" ind2=" "><subfield code="a">1</subfield></datafield><datafield tag="966" ind1=" " ind2=" "><subfield code="a">0005459</subfield><subfield code="l">BMM</subfield><subfield code="s">SCG 821 MAU bel 22</subfield></datafield></record></collection>